1675 2600
174 232 217 290 6²
336 213 559 268 Botuu11

177 328 295 389 fortunae
306 326 519 387 infelicissimum
530 344 616 409 genus
628 320 669 383 est
681 326 727 385 in-

176 428 292 489 fortunii
303 424 381 487 fuiffe
392 423 511 487 felicem.
524 423 574 484 Sed
586 423 664 506 quod
675 442 725 495 tu,

174 530 286 611 inquit,
306 525 379 588 false
403 528 541 609 opinionis
561 522 726 606 supplicium

139 643 141 646 ’
176 628 228 688 luis
237 627 281 700 ,id
292 627 373 692 rebus
379 633 441 707 jure
452 628 585 708 imputate
597 646 654 685 non
661 620 726 706 pos-

175 726 216 790 fis.
230 731 307 789 Nam
322 725 378 788 stte
390 724 446 786 hoc
461 728 541 789 inane
552 746 656 785 nomen
667 722 727 784 for·

175 830 251 889 tuitae
262 826 399 887 felicitatis
409 843 505 886 movet
517 871 525 897 ‚
543 822 725 907 quampluri-

174 929 227 988 mis
237 924 418 1009 maximisque
430 925 551 987 abundas
561 945 671 988 mecum
682 944 727 984 te·

110 1022 723 1110 ·Wwfflfflwfflmffin

174 1147 247 1186 tunae
258 1145 312 1187 tuae
324 1123 406 1185 censu
416 1124 633 1206 pretiosissimum
641 1120 723 1207 potii-

174 1227 280 1298 debas,
298 1226 327 1286 id
342 1226 393 1285 tibi
407 1225 538 1286 divinitis
552 1223 665 1286 iilaesum
676 1224 724 1286 ad-

172 1326 227 1387 huc
242 1327 461 1411 inviolatumque
477 1323 618 1400 servatur,
638 1345 724 1408 pote-

172 1425 257 1489 tis-ne
265 1429 382 1489 meliora
391 1451 508 1512 quaeque
514 1433 632 1490 retinens
641 1428 676 1488 de
681 1430 724 1488 in-

172 1527 298 1590 fortunio
314 1535 375 1610 jure
393 1527 523 1591 causati?
542 1531 626 1611 Atqui
642 1530 722 1613 viget

100 1691 102 1697 ,
169 1631 340 1702 incolumis,
357 1629 574 1712 pretiofiisimmn
589 1629 657 1690 illud
669 1651 722 1714 ge-

170 1731 245 1791 nens
269 1727 384 1790 hunuuu
409 1730 512 1802 decus,
541 1727 722 1810 Synnnaehus

169 1826 271 1902 socen
284 1836 313 1888 &
324 1873 334 1898 ,
347 1828 425 1910 quod
434 1830 497 1890 vitae
508 1831 597 1911 pretio
606 1851 666 1889 non
677 1826 721 1890 se-

171 1929 232 2010 gnis
243 1920 368 1998 eme'tes,
390 1929 433 1988 vit
448 1945 522 1988 totus
539 1950 573 1987 ex
587 1926 723 2010 sapientiai

171 2025 371 2108 virtutibusque
382 2027 492 2100 faetus,
512 2026 621 2090 suatum
638 2026 720 2090 secu·

170 2143 219 2190 tus
248 2127 301 2190 tuis
323 2124 479 2212 ingemiscit
499 2130 613 2212 injutiit.
642 2131 723 2196 Vivit
